% Einleitung

@online{online_einleitung_cloud,
  TITLE = "Studie zu Cloud vs. Server und Big Data",
  NOTE = "Zuletzt aufgerufen am: 10. Juli 2017",
  URL = "http://developer-week.de/Download/Studien/Studie-zu-Cloud-vs.-Server-und-Big-Data"
}

@online{online_einleitung_datensicherheit,
  TITLE = "Datensicherheit in der Cloud bereitet Unternehmen Probleme",
  NOTE = "Zuletzt aufgerufen am: 10. Juli 2017",
  URL = "http://ap-verlag.de/datensicherheit-in-der-cloud-bereitet-unternehmen-probleme/24044"
}

@online{online_einleitung_app,
  TITLE = "Apps werden fürs Marketing immer wichtiger",
  NOTE = "Zuletzt aufgerufen am: 10. Juli 2017",
  URL = "http://adzine.de/2011/06/apps-werden-fuers-marketing-immer-wichtiger-mobile"
}

% Grundlagen

@online{online_grundlagen_cloudNIST,
  TITLE = "The NIST Definition of Cloud Computing",
  NOTE = "Zuletzt aufgerufen am: 10. Juli 2017",
  URL = "http://nvlpubs.nist.gov/nistpubs/Legacy/SP/nistspecialpublication800-145.pdf"
}

@online{online_grundlagen_cloud,
  TITLE = "Cloud Computing als ganzheitliche Geschäftsstrategie",
  NOTE = "Zuletzt aufgerufen am: 10. Juli 2017",
  URL = "http://www.cloudcomputing-insider.de/cloud-computing-als-ganzheitliche-geschaeftsstrategie-a-384309/index2.html"
}

@online{online_grundlagen_bluemix,
  TITLE = "Bluemix – ein sahniger blauer Cocktail oder doch eine innovative Cloud Plattform?",
  NOTE = "Zuletzt aufgerufen am: 10. Juli 2017",
  URL = "https://cloudikon.de/was-ist-bluemix"
}

@online{online_grundlagen_cloudfoundry,
  TITLE = "Cloud Foundry",
  NOTE = "Zuletzt aufgerufen am: 10. Juli 2017",
  URL = "http://searchcloudcomputing.techtarget.com/definition/Cloud-Foundry"
}

@online{online_grundlagen_securegateway,
  TITLE = "Secure Gateway: everything you ever wanted to know",
  NOTE = "Zuletzt aufgerufen am: 10. Juli 2017",
  URL = "https://www.ibm.com/blogs/bluemix/2017/03/secure-gateway-everything-ever-wanted-know"
}

@online{online_grundlagen_servicebrokerapi,
  TITLE = "Open Service Broker API",
  NOTE = "Zuletzt aufgerufen am: 10. Juli 2017",
  URL = "https://www.openservicebrokerapi.org"
}

@online{online_grundlagen_servicebroker,
  TITLE = "Extend Bluemix: Use a Service Broker to Bring Your Own Services",
  NOTE = "Zuletzt aufgerufen am: 10. Juli 2017",
  URL = "https://www.ibm.com/blogs/bluemix/2017/01/extend-bluemix-service-broker"
}

@online{online_grundlagen_toolchain,
  TITLE = "DevOps toolchains",
  NOTE = "Zuletzt aufgerufen am: 10. Juli 2017",
  URL = "https://www.ibm.com/devops/method/content/toolchains"
}

@online{online_grundlagen_hybriddcloud,
  TITLE = "Public, Private und Hybrid Cloud?",
  NOTE = "Zuletzt aufgerufen am: 10. Juli 2017",
  URL = "http://www.cloud.fraunhofer.de/de/faq/publicprivatehybrid.html"
}

@BOOK{book_grundlagen_mainframe,
  AUTHOR = "Mike Ebbers, John Kettner, Wayne O'Brein und Bill Ogden",
  TITLE = "Introduction to the New Mainframe: z/OS Basics",
  PUBLISHER = "IBM Redbooks",
  YEAR = "2012",
  ISBN = "978-0-7384-3534-3"
}

@BOOK{book_grundlagen_cics,
  AUTHOR = "Chris Rayns, Sarah Bertram, George Bogner und Chris Carlin",
  TITLE = "CICS Transaction Server from Start to Finish",
  PUBLISHER = "IBM Redbooks",
  YEAR = "2011",
  ISBN = "978-0-7384-3617-3"
}

@BOOK{book_grundlagen_zsystems,
  AUTHOR = "Octavian Lascu, Edzard Hoogerbrug, Cecilia A De Leon und Ewerson Palacio",
  TITLE = "IBM z13 Technical Guide",
  PUBLISHER = "IBM Redbooks",
  YEAR = "2016",
  ISBN = "978-0-7384-4179-5"
}

@online{online_grundlagen_zosmf,
  TITLE = "IBM z/OS Management Facility",
  NOTE = "Zuletzt aufgerufen am: 10. Juli 2017",
  URL = "https://www-03.ibm.com/systems/z/os/zos/features/zosmf"
}

@online{online_grundlagen_cics,
  TITLE = "CICS Transaction Server family",
  NOTE = "Zuletzt aufgerufen am: 10. Juli 2017",
  URL = "http://www-03.ibm.com/software/products/de/cics-tservers"
}

@BOOK{book_grundlagen_db2,
  AUTHOR = "Paolo Bruni, Felipe Bortoletto, Ravikumar Kalyanasundaram und Cristian Molaro",
  TITLE = "DB2 11 for z/OS Technical Overview",
  PUBLISHER = "IBM Redbooks",
  YEAR = "2016",
  ISBN = "978-0-7384-3905-1"
}

@online{online_grundlagen_webviewer,
  TITLE = "Android WebView: Das steckt dahinter",
  NOTE = "Zuletzt aufgerufen am: 10. Juli 2017",
  URL = "http://www.giga.de/unternehmen/google/news/android-webview-das-steckt-dahinter"
}

@online{online_grundlagen_bluemix_pdl,
  TITLE = "Bluemix",
  NOTE = "Zuletzt aufgerufen am: 10. Juli 2017",
  URL = "https://www.ibm.com/cloud-computing/bluemix/de/hybrid-architecture"
}

@online{online_grundlagen_servicebroker_scope,
  TITLE = "Managing Service Brokers",
  NOTE = "Zuletzt aufgerufen am: 10. Juli 2017",
  URL = "https://docs.cloudfoundry.org/services/managing-service-brokers.html"
}

@online{online_grundlagen_cloudusage,
  TITLE = "Erstmals nutzt die Mehrheit der Unternehmen Cloud Computing",
  NOTE = "Zuletzt aufgerufen am: 10. Juli 2017",
  URL = "https://www.bitkom.org/Presse/Presseinformation/Erstmals-nutzt-die-Mehrheit-der-Unternehmen-Cloud-Computing.html"
}

@BOOK{book_grundlagen_soa,
  AUTHOR = "Nicolai Josuttis",
  TITLE = "SOA in der Praxis: System-Design für verteilte Geschäftsprozesse",
  PUBLISHER = "dpunkt.verlag",
  YEAR = "2008",
  ISBN = "978-3-8986-4476-1"
}

@online{online_grundlagen_rest,
  TITLE = "REST – Der bessere Web Service?",
  NOTE = "Zuletzt aufgerufen am: 10. Juli 2017",
  URL = "https://jaxenter.de/rest-der-bessere-web-service-8988"
}

% HybridCloud Architektur


% Prototypische Anwendung

@online{online_prototypischeanwendung_cicsliberty,
  TITLE = "The Great Java Application Server Debate: IBM Liberty Profile",
  NOTE = "Zuletzt aufgerufen am: 10. Juli 2017",
  URL = "https://zeroturnaround.com/rebellabs/the-great-java-application-server-debate-ibm-liberty-profile"
}

@BOOK{book_prototypischeanwendung_mvc,
  AUTHOR = "Joachim Goll",
  TITLE = "Methoden und Architekturen der Softwaretechnik",
  PUBLISHER = "Springer-Verlag",
  YEAR = "2012",
  ISBN = "978-3-8348-8164-9"
}

@online{online_prototypischeanwendung_cssframework,
  TITLE = "10 CSS-Frameworks im Vergleich",
  NOTE = "Zuletzt aufgerufen am: 10. Juli 2017",
  URL = "http://t3n.de/news/css-frameworks-vergleich-756574"
}

% Qualitätssicherung

@online{online_quali_automatisiertetests,
  TITLE = "Software-Entwicklung durch automatisierte Tests beschleunigen",
  NOTE = "Zuletzt aufgerufen am: 10. Juli 2017",
  URL = "https://www.computerwoche.de/a/software-entwicklung-durch-automatisierte-tests-beschleunigen,3329563"
}

% Diskussion


% Ausblick
@online{online_ausblick_fazit,
  TITLE = "Tailoring hybrid cloud: Designing the right mix for innovation, efficiency and growth",
  NOTE = "Zuletzt aufgerufen am: 10. Juli 2017",
  URL = "http://ibm.biz/tailoringcloud"
}